<?xml version="1.0" encoding="UTF-8"?><collection xmlns="http://www.loc.gov/MARC21/slim"><record><leader>00451nam--2200157-i-4500</leader><controlfield tag="001">000016920</controlfield><controlfield tag="002">20161230</controlfield><controlfield tag="005">20170205005811</controlfield><controlfield tag="008">060222s1000------------r-----000-0-eng-d</controlfield><datafield ind1=" " ind2=" " tag="080"><subfield code="a">621.3.038.61/.62(061.3)</subfield></datafield><datafield ind1=" " ind2=" " tag="245"><subfield code="a">Accelerator physics issues for a supercon- ducting super collider 12-17 dc.1983</subfield></datafield><datafield ind1=" " ind2=" " tag="260"><subfield code="a">Ann Arbor</subfield><subfield code="b">Michigan Univerity</subfield><subfield code="c">1983</subfield></datafield><datafield ind1=" " ind2=" " tag="300"><subfield code="a">III + 190 p</subfield></datafield><datafield ind1=" " ind2=" " tag="700"><subfield code="a">Tigner, M</subfield></datafield><datafield ind1=" " ind2=" " tag="852"><subfield code="a">79186</subfield></datafield><datafield ind1=" " ind2=" " tag="CAT"><subfield code="a">SYS</subfield><subfield code="c">20170205</subfield><subfield code="h">005811</subfield></datafield></record></collection>